@incollection{ref1,
    author={F. Cnossen},
    title={{T}emplate for essay paper for the course {C}ognitive
           {P}sychology},
    editor={F. Cnossen},
    booktitle={{B}ook of {T}emplates of {A}rtificial {I}ntelligence},
    year=2019,
    publisher={University Press},
    address={Groningen, the Netherlands}
}

@incollection{ref2,
    author={F. Cnossen},
    title={Template for essay paper for the course {C}ognitive
           {P}sychology},
    editor={F. Cnossen},
    booktitle={{B}ook of {T}emplates of {A}rtificial {I}ntelligence},
    year={2019},
    publisher={Groningen, the Netherlands: University Press}
}

@inbook{thebook,
  title={Cognition: Exploring the Science of the Mind},
  author={Reisberg, D.},
  isbn={9780393665017},
  year={2018},
  pages={188--189},
  chapter={5},
  edition={7},
  address={New York},
  publisher={W. W. Norton}
}

@article{underdiagnosis,
  title={Under diagnosis of adult ADHD: cultural influences and societal burden},
  author={Asherson, Philip and Akehurst, Ron and Kooij, JJ Sandra and Huss, Michael and Beusterien, Kathleen and Sasan{\'e}, Rahul and Gholizadeh, Shadi and Hodgkins, Paul},
  journal={Journal of Attention Disorders},
  volume={16},
  number={5\_suppl},
  pages={20S--38S},
  year={2012},
  publisher={Sage Publications Sage CA: Los Angeles, CA}
}

@article{adolescents,
  title={Adolescents with attention-deficit/hyperactivity disorder: An overview of empirically based treatments},
  author={Barkley, Russell A},
  journal={Journal of Psychiatric Practice{\textregistered}},
  volume={10},
  number={1},
  pages={39--56},
  year={2004},
  publisher={LWW}
}

@article{informationseeking,
  title={Online information-seeking behaviors of parents of children with ADHD},
  author={Sage, Adam and Carpenter, Delesha and Sayner, Robyn and Thomas, Kathleen and Mann, Larry and Sulzer, Sandy and Sandler, Adrian and Sleath, Betsy},
  journal={Clinical Pediatrics},
  volume={57},
  number={1},
  pages={52--56},
  year={2018},
  publisher={SAGE Publications Sage CA: Los Angeles, CA}
}

@article{diagnosisdifficulty,
  title={Adult ADHD patient experiences of impairment, service provision and clinical management in England: a qualitative study},
  author={Matheson, Lauren and Asherson, Philip and Wong, Ian Chi Kei and Hodgkins, Paul and Setyawan, Juliana and Sasane, Rahul and Clifford, Sarah},
  journal={BMC health services research},
  volume={13},
  number={1},
  pages={1--13},
  year={2013},
  publisher={Springer}
}

@incollection{controversy,
  title={Why Controversy Over ADHD Won't ``Go Away''},
  author={Diller, Lawrence},
  booktitle={Attention Deficit Hyperactivity Disorder},
  pages={339--346},
  year={2007},
  publisher={CRC Press}
}

@article{overorunderdiagnosed,
  title={ADHD: Overdiagnosed and overtreated, or misdiagnosed and mistreated},
  author={Giuliano, KIMBERLY and Geyer, ERIC},
  journal={Cleveland Clinic journal of medicine},
  volume={84},
  number={11},
  pages={873},
  year={2017}
}

@article{adhdcontext,
  title={ADHD in context: Young adults' reports of the impact of occupational environment on the manifestation of ADHD},
  author={Lasky, Arielle K and Weisner, Thomas S and Jensen, Peter S and Hinshaw, Stephen P and Hechtman, Lily and Arnold, L Eugene and Murray, Desiree W and Swanson, James M},
  journal={Social Science \& Medicine},
  volume={161},
  pages={160--168},
  year={2016},
  publisher={Elsevier}
}

@article{delisle2011context,
  title={A context for normalizing impulsiveness at work for adults with attention deficit/hyperactivity disorder (combined type)},
  author={Delisle, Jos{\'e}e and Braun, Claude MJ},
  journal={Archives of Clinical Neuropsychology},
  volume={26},
  number={7},
  pages={602--613},
  year={2011},
  publisher={Oxford University Press}
}

@article{heldback,
  title={ADHD and psychiatric comorbidity: Functional outcomes in a school-based sample of children},
  author={Cuffe, Steven P and Visser, Susanna N and Holbrook, Joseph R and Danielson, Melissa L and Geryk, Lorie L and Wolraich, Mark L and McKeown, Robert E},
  journal={Journal of attention disorders},
  volume={24},
  number={9},
  pages={1345--1354},
  year={2020},
  publisher={SAGE Publications Sage CA: Los Angeles, CA}
}

@article{gameaddiction,
  title={Video game addiction, ADHD symptomatology, and video game reinforcement},
  author={Mathews, Christine L and Morrell, Holly ER and Molle, Jon E},
  journal={The American journal of drug and alcohol abuse},
  volume={45},
  number={1},
  pages={67--76},
  year={2019},
  publisher={Taylor \& Francis}
}

@article{jensen1997evolution,
  title={Evolution and revolution in child psychiatry: ADHD as a disorder of adaptation},
  author={Jensen, Peter S and Mrazek, David and Knapp, Penelope K and Steinberg, Laurence and Pfeffer, Cynthia and Schowalter, John and Shapiro, Theodore},
  journal={Journal of the American Academy of Child \& Adolescent Psychiatry},
  volume={36},
  number={12},
  pages={1672--1681},
  year={1997},
  publisher={Elsevier}
}

@article{parenttraining,
  title={Enhancements to the behavioral parent training paradigm for families of children with ADHD: Review and future directions},
  author={Chronis, Andrea M and Chacko, Anil and Fabiano, Gregory A and Wymbs, Brian T and Pelham, William E},
  journal={Clinical child and family psychology review},
  volume={7},
  number={1},
  pages={1--27},
  year={2004},
  publisher={Springer}
}

@article{ervin1998classroom,
  title={Classroom-based functional and adjunctive assessments: Proactive approaches to intervention selection for adolescents with attention deficit hyperactivity disorder},
  author={Ervin, Ruth A and DuPaul, George J and Kern, Lee and Friman, Patrick C},
  journal={Journal of Applied Behavior Analysis},
  volume={31},
  number={1},
  pages={65--78},
  year={1998},
  publisher={Wiley Online Library}
}

@article{bramham2009evaluation,
  title={Evaluation of group cognitive behavioral therapy for adults with ADHD},
  author={Bramham, Jessica and Young, Susan and Bickerdike, Alison and Spain, Deborah and McCartan, Denise and Xenitidis, Kiriakos},
  journal={Journal of attention disorders},
  volume={12},
  number={5},
  pages={434--441},
  year={2009},
  publisher={Sage Publications Sage CA: Los Angeles, CA}
}

% --- Essay 2 ---
@inbook{thebook2,
  title={Cognition: Exploring the Science of the Mind},
  author={Reisberg, D.},
  isbn={9780393665017},
  year={2018},
  pages={397--398},
  chapter={10},
  edition={7},
  address={New York},
  publisher={W. W. Norton}
}

@article{campbell2009conservation,
  title={Conservation and diversity of Foxp2 expression in muroid rodents: functional implications},
  author={Campbell, Polly and Reep, Roger L and Stoll, Margaret L and Ophir, Alexander G and Phelps, Steven M},
  journal={Journal of Comparative Neurology},
  volume={512},
  number={1},
  pages={84--100},
  year={2009},
  publisher={Wiley Online Library}
}

@article{atkinson2018no,
  title={No evidence for recent selection at FOXP2 among diverse human populations},
  author={Atkinson, Elizabeth Grace and Audesse, Amanda Jane and Palacios, Julia Adela and Bobo, Dean Michael and Webb, Ashley Elizabeth and Ramachandran, Sohini and Henn, Brenna Mariah},
  journal={Cell},
  volume={174},
  number={6},
  pages={1424--1435},
  year={2018},
  publisher={Elsevier}
}

@article{fitch2020animalcognition,
  title={Animal cognition and the evolution of human language: why we cannot focus solely on communication},
  author={Fitch, W Tecumseh},
  journal={Philosophical Transactions of the Royal Society B},
  volume={375},
  number={1789},
  pages={20190046},
  year={2020},
  publisher={The Royal Society}
}

@article{bowling2015animal,
  title={Do animal communication systems have phonemes?},
  author={Bowling, Daniel L and Fitch, W Tecumseh},
  journal={Trends in Cognitive Sciences},
  volume={19},
  number={10},
  pages={555--557},
  year={2015},
  publisher={Elsevier}
}

@book{ethnologue,
  title = {Ethnologue: Languages of the World},
  year = {2022},
  researchr = {https://researchr.org/publication/ethnologue},
  edition = {Twenty-fifth},
  editor = {David M. Eberhard and Gary F. Simons and Charles D. Fennig},
  address = {Dallas, TX, USA},
  publisher = {SIL International},
  url={http://www.ethnologue.com}
}

@article{liska1993bee,
  title={Bee dances, bird songs, monkey calls, and cetacean sonar: Is speech unique?},
  author={Liska, Jo},
  journal={Western Journal of Communication (includes Communication Reports)},
  volume={57},
  number={1},
  pages={1--26},
  year={1993},
  publisher={Taylor \& Francis}
}

@article{jordania2006asked,
  title={Who asked the first question},
  author={Jordania, Joseph},
  journal={The origins of human choral singing, intelligence, language and speech. Tblisi, Georgia: Logos},
  year={2006}
}

@article{siniscalchi2018communication,
  title={Communication in dogs},
  author={Siniscalchi, Marcello and d'Ingeo, Serenella and Minunno, Michele and Quaranta, Angelo},
  journal={Animals},
  volume={8},
  number={8},
  pages={131},
  year={2018},
  publisher={Multidisciplinary Digital Publishing Institute}
}

@article{vicente2016unsymbolized,
  title={The nature of unsymbolized thinking},
  author={Vicente, Agust{\'\i}n and Mart{\'\i}nez-Manrique, Fernando},
  journal={Philosophical Explorations},
  volume={19},
  number={2},
  pages={173--187},
  year={2016},
  publisher={Taylor \& Francis}
}

@article{wilson2021clever,
  title={From Clever Hans to Bunny the TikTok Dog: An Exploration into Animal-to-Human Communication},
  author={Wilson, Lindsay},
  journal={Johns Hopkins University},
  volume={2},
  number={1},
  pages={28197},
  year={2021}
}

@article{mckinley2003efficacy,
  title={The efficacy of the model--rival method when compared with operant conditioning for training domestic dogs to perform a retrieval--selection task},
  author={McKinley, Sue and Young, Robert J},
  journal={Applied Animal Behaviour Science},
  volume={81},
  number={4},
  pages={357--365},
  year={2003},
  publisher={Elsevier}
}

@misc{hungape,
  title={Ape Language Discussion},
  author={Hung, Marilyn and Ito, Rob and Pimenoff, Barb and Tadros, Shaheer and Waseem, Muhammad},
  year={2015},
  month={April},
  day={8},
  url={https://apelanguagediscussionseneca.wordpress.com/2015/04/08/ape-language-discussion/}
}

@article{wynne2007aping,
  title={Aping language},
  author={Wynne, Clive},
  journal={Skeptics},
  volume={13},
  number={4},
  pages={10--14},
  year={2007}
}

@article{connine1990word,
  title={Word familiarity and frequency in visual and auditory word recognition.},
  author={Connine, Cynthia M and Mullennix, John and Shernoff, Eve and Yelen, Jennifer},
  journal={Journal of Experimental Psychology: Learning, Memory, and Cognition},
  volume={16},
  number={6},
  pages={1084},
  year={1990},
  publisher={American Psychological Association}
}

@article{cleverhanseffect,
  title={The Clever Hans phenomenon: Communication with horses, whales, apes, and people.},
  author={Sebeok, Thomas A and Rosenthal, Robert Ed},
  journal={Annals of the New York Academy of Sciences},
  year={1981},
  publisher={New York Academy of Sciences}
}

@incollection{terrace1983apes,
  title={Apes who ``talk'': language or projection of language by their teachers?},
  author={Terrace, Herbert S},
  booktitle={Language in Primates},
  pages={19--42},
  year={1983},
  publisher={Springer}
}
